<?xml version="1.0" encoding="UTF-8"?>
<collection xmlns:xsi="http://www.w3.org/2001/XMLSchema-instance" xsi:schemaLocation="http://www.loc.gov/MARC21/slim http://www.loc.gov/standards/marcxml/schema/MARC21slim.xsd" xmlns="http://www.loc.gov/MARC21/slim">
<record>
  <leader>00924cam a22002411  4500</leader>
  <controlfield tag="001">2683270</controlfield>
  <controlfield tag="003">NNC</controlfield>
  <controlfield tag="005">20121018042349.0</controlfield>
  <controlfield tag="008">000925m19431946ua ab    b    000 0 ara d</controlfield>
  <datafield tag="035" ind1=" " ind2=" ">
    <subfield code="a">(OCoLC)ocm45073434</subfield>
  </datafield>
  <datafield tag="035" ind1=" " ind2=" ">
    <subfield code="9">ARD2756CU</subfield>
  </datafield>
  <datafield tag="035" ind1=" " ind2=" ">
    <subfield code="a">(NNC)2683270</subfield>
  </datafield>
  <datafield tag="040" ind1=" " ind2=" ">
    <subfield code="a">ZCU</subfield>
    <subfield code="c">ZCU</subfield>
  </datafield>
  <datafield tag="099" ind1=" " ind2=" ">
    <subfield code="a">961</subfield>
    <subfield code="a">C124</subfield>
  </datafield>
  <datafield tag="100" ind1="1" ind2=" ">
    <subfield code="a">Faraj, Fuʼād.</subfield>
  </datafield>
  <datafield tag="245" ind1="1" ind2="3">
    <subfield code="a">al-Qāhirah :</subfield>
    <subfield code="b">taʾrīkh al-mudun al-qadīmah wa-dalīl al-madīnah al-ḥadīthah.</subfield>
  </datafield>
  <datafield tag="260" ind1=" " ind2=" ">
    <subfield code="a">Miṣr,</subfield>
    <subfield code="b">Dār al-Maʻārif,</subfield>
    <subfield code="c">1943-1946.</subfield>
  </datafield>
  <datafield tag="300" ind1=" " ind2=" ">
    <subfield code="a">3 v. in 1.</subfield>
    <subfield code="b">illus., maps.</subfield>
  </datafield>
  <datafield tag="490" ind1="1" ind2=" ">
    <subfield code="a">Mudun al-Miṣrīyah wa-taṭawwurātuhā maʻa al-ʻus̥ūr; majmūʻah fannīyah-taʾrīkhīyah ;</subfield>
    <subfield code="v">al-Mujallad 3</subfield>
  </datafield>
  <datafield tag="504" ind1=" " ind2=" ">
    <subfield code="a">Bibliography: part 3, p. [219]-223.</subfield>
  </datafield>
  <datafield tag="651" ind1=" " ind2="0">
    <subfield code="a">Cairo (Egypt)</subfield>
    <subfield code="x">History.</subfield>
  </datafield>
  <datafield tag="830" ind1=" " ind2="0">
    <subfield code="a">Mudun al-Miṣrīyah wa-taṭawwurātuhā maʻa al-ʻus̥ūr; majmūʻah fannīyah-taʼrīkhīyah ;</subfield>
    <subfield code="v">al-Mujallad 3.</subfield>
  </datafield>
  <datafield tag="955" ind1=" " ind2=" ">
    <subfield code="b">0026812258</subfield>
    <subfield code="d">glx</subfield>
    <subfield code="e">961 C124</subfield>
    <subfield code="v">v:1-3</subfield>
  </datafield>
</record>
</collection>